@BOOK{Musielak.2009,
 author = {Musielak, Hans-Joachim},
 year = {2009},
 title = {Grundkurs BGB: Eine Darstellung zur Vermittlung von Grundlagenwissen im b\"urgerlichen Recht mit F\"allen und Fragen zur Lern- und Verst\"andniskontrolle sowie mit \"Ubungsklausuren},
 price = {ca. EUR 25.00, ca. sfr 44.90 (freier Pr.)},
 keywords = {Civil law;Germany},
 address = {M\"unchen},
 edition = {11., neu bearb. Aufl.},
 publisher = {Beck},
 isbn = {9783406594137},
 shorttitle = {Musielak 2009 -- Grundkurs BGB},
 howcited = 0
}