@string{AcP = {Archiv f{\"u}r civilistische Praxis (AcP)}}
@string{DNotZ = {Deutsche Notar-Zeitschrift (DNotZ)}}
@string{JR = {Juristische Rundschau (JR)}}
@string{JURA = {Juristische Ausbildung (JURA)}}
@string{JuS = {Juristische Schulung (JuS)}}
@string{JZ = {Juristenzeitung (JZ)}}
@string{MDR = {Monatsschrift f{\"u}r deutsches Recht (MDR)}}
@string{NJW = {Neue Juristische Wochenschrift (NJW)}}
@string{WM = {Wertpapiermitteilungen -- Zeitschrift f{\"u}r Wirtschafts- und Bankrecht (WM)}}
@string{ZGS = {Zeitschrift f{\"u}r das gesamte Schuldrecht (ZGS)}}
@string{ZIP = {Zeitschrift f{\"u}r Wirtschaftsrecht (ZIP)}}
@string{asch = {Aschendorff Rechtsverlag}}
@string{asch:addr = {M{\"u}nster}}
@string{cfm = {C. F. M{\"u}ller Verlag}}
@string{cfm:addr = {Heidelberg}}
@string{CHB = {Verlag C. H. Beck}}
@string{CHB:addr = {M{\"u}nchen}}
@string{dav = {DeutscherAnwaltVerlag}}
@string{dav:addr = {Bonn}}
@string{gruyter = {De Gruyter Recht}}
@string{gruyter:addr = {Berlin}}
@string{heym = {Heymanns}}
@string{heym:addr = {K{\"o}ln, Berlin, Bonn, M{\"u}nchen}}
@string{lucht = {Luchterhand}}
@string{lucht:addr = {M{\"u}nchen/Unterschlei{\ss}heim}}
@string{mohr = {Verlag J. C. B. Mohr (Paul Siebeck)}}
@string{mohr:addr = {T{\"u}bingen}}
@string{spring = {Springer-Verlag}}
@string{spring:addr = {Berlin, Heidelberg, New York, Budapest, Hongkong, London, Mailand, Paris, Singapur, Tokio}}
@string{vahlen = {Verlag Franz Vahlen GmbH}}


@BOOK{Musielak.2009,
 author = {Musielak, Hans-Joachim},
 year = {2009},
 title = {Grundkurs BGB: Eine Darstellung zur Vermittlung von Grundlagenwissen im b\"urgerlichen Recht mit F\"allen und Fragen zur Lern- und Verst\"andniskontrolle sowie mit \"Ubungsklausuren},
 price = {ca. EUR 25.00, ca. sfr 44.90 (freier Pr.)},
 keywords = {Civil law;Germany},
 address = {M\"unchen},
 edition = {11., neu bearb. Aufl.},
 publisher = {Beck},
 isbn = {9783406594137},
 shorttitle = {Musielak 2009 -- Grundkurs BGB},
 howcited = 0
}

@COMMENTED{palandt,
editor = {Otto Palandt},
editortype = {Begr.},
title = {B{\"u}rgerliches Gesetzbuch mit Einf{\"u}hrungsgesetz -- Kommentar},
edition = 63,
year = 2003,
publisher = CHB,
language = {german},
address = CHB:addr,
shorttitle = {BGB},
ssedition = 1,
}

@PERIODICAL{flume:acp194,
author = {Werner Flume},
gender = {sm},
title = {Die Saldotheorie und die Rechtsfigur der ungerechtfertigten Bereicherung},
year = 1994,
volume = 194,
language = {german},
journal = AcP,
pages = {427--450},
shorttitle = {AcP~194\,(1994)}
}
@INCOLLECTION{lorenz:schulze:schultenoelke,
author = {Stephan Lorenz},
shortauthor = {St. Lorenz},
gender = {sm},
title = {Die L{\"o}sung vom Vertrag, insbesondere R{\"u}cktritt und Widerruf},
shorttitle = {Schulze/Schulte-N{\"o}lke},
crossref = {schulze:schulte-noelke},
pages = {329--335},
}

@ARTICLE{ranieri:jus2003,
author = {Filippo Ranieri and Sebastian Unholtz},
gender = {pm},
title = {Der praktische Fall -- B{\"u}rgerliches Rech: {\glqq}Die gebrauchte Waschmaschine{\grqq}},
year = 2003,
number = 1,
language = {german},
journal = JuS,
pages = {53---57},
shorttitle = {JuS 2003}
}

@Misc{beschluss:7052,
  author =   {Rechtsausschuss},
  shortauthor = {Ausschussbericht},
  gender = {sm},
  title =    {Beschlussempfehlung und Bericht zum Entwurf eines Gesetzes zur Modernisierung des Schuldrechts},
  howpublished = {Bundestagsdrucksacke 14/7052},
  volume =   {},
  number =   {},
  shorttitle = {BT-Drucks. 14/7052}
}